@book{J2SESecBook,
	author = {Pistoia, Marco and Gupta, Deepak and Reller, Duane F. and Nagnur, Milind and Ramani, Ashok K.},
	title = {{Java 2 Network Security}},
	year = {1999},
	month = aug,
	isbn = {0130155926},
	edition = {Second},
	publisher = {Prentice Hall PTR},
	address = {Upper Saddle River, NJ, USA},
} 

@book{J2EESecBook,
	author = {Pistoia, Marco and Nagaratnam, Nataraj and Koved, Larry and Nadalin, Anthony},
	title = {{Enterprise Java Security: Building Secure J2EE Applications}},
	year = {2004},
	publisher = {Addison-Wesley},
	address = {Reading, MA, USA},
	month = feb,
	isbn = {0321118898},
}

@Book{book:LiGong,
	author =       {Li Gong and Gary Ellison and Mary Dageforde},
	title =        {Inside Java 2 Platform Security: Architecture, API Design, and Implementation},
	edition =      "Second",
	publisher =    {Addison-Wesley},
	address =      {Reading, MA, USA},
	month =        {May},
	year =         2003,
}

@Book{book:DotNetSecurity,
	AUTHOR = "Adam Freeman and Allen Jones",
	TITLE = {{Programming .NET Security}},
	PUBLISHER = "O'Reilly \& Associates, Inc.",
	ADDRESS = {Sebastopol, CA, USA},
	MONTH = Jun,
	YEAR = 2003
}
